<?xml version="1.0" encoding="UTF-8"?><collection xmlns="http://www.loc.gov/MARC21/slim"><record><leader>00726nam--2200205-i-4500</leader><controlfield tag="001">000047776</controlfield><controlfield tag="002">20161230</controlfield><controlfield tag="005">20161230201046</controlfield><controlfield tag="008">060222s1000------------r-----000-0-eng-d</controlfield><datafield ind1=" " ind2=" " tag="020"><subfield code="a">0894481444</subfield></datafield><datafield ind1=" " ind2=" " tag="040"><subfield code="a">IFIN-HH</subfield></datafield><datafield ind1=" " ind2=" " tag="080"><subfield code="a">539.173(061.3)</subfield></datafield><datafield ind1="1" ind2=" " tag="100"><subfield code="a">Behrens,Jamesw./S.A.</subfield></datafield><datafield ind1="1" ind2="0" tag="245"><subfield code="a">50 years with nuclear fisssion</subfield><subfield code="b">National acaademy of scinces washington, d.c. and national institute of standards and technology gaithersburg, maryland april 25-28, 1989</subfield><subfield code="c">James w. behrens, allan d. carlson (eds.)</subfield></datafield><datafield ind1=" " ind2=" " tag="260"><subfield code="a">Illinois</subfield><subfield code="b">American Nuclear Society, Inc</subfield><subfield code="c">1989</subfield></datafield><datafield ind1=" " ind2=" " tag="300"><subfield code="a">2 PARTI</subfield></datafield><datafield ind1="1" ind2=" " tag="700"><subfield code="a">Carlson, Allan D</subfield><subfield code="e">Ed</subfield></datafield><datafield ind1="1" ind2=" " tag="787"><subfield code="a">Part 2</subfield><subfield code="h">Xii+/479/978p</subfield></datafield><datafield ind1=" " ind2=" " tag="852"><subfield code="a">79491</subfield><subfield code="c">539.17</subfield></datafield><datafield ind1=" " ind2=" " tag="CAT"><subfield code="a">Sys</subfield><subfield code="c">20120628</subfield><subfield code="h">123311</subfield></datafield></record></collection>